<?xml version="1.0" encoding="UTF-8"?><collection xmlns="http://www.loc.gov/MARC21/slim"><record><leader>00596nam--2200181-i-4500</leader><controlfield tag="001">000035597</controlfield><controlfield tag="002">20161230</controlfield><controlfield tag="005">20161230201040</controlfield><controlfield tag="008">060222s1000------------r-----000-0-rus-d</controlfield><datafield ind1=" " ind2=" " tag="040"><subfield code="a">rus</subfield></datafield><datafield ind1=" " ind2=" " tag="041"><subfield code="a">IFIN-HH</subfield></datafield><datafield ind1=" " ind2=" " tag="080"><subfield code="a">539.12.162.7:374</subfield></datafield><datafield ind1="1" ind2=" " tag="110"><subfield code="a">Erevanskii Fiziceskii Institut</subfield></datafield><datafield ind1="1" ind2="0" tag="245"><subfield code="a">Voprosi fiziki elementarnih ceastit</subfield><subfield code="b">Materiali viii vsesoyuzoi skolib po fizike elementatnih ceastit i visokih energii erevan 8-19 aprelia 1975 goda ceasti i</subfield></datafield><datafield ind1=" " ind2=" " tag="260"><subfield code="a">Ervan</subfield><subfield code="b">Erevanskii Fiziceskii Institut</subfield><subfield code="c">1975</subfield></datafield><datafield ind1=" " ind2=" " tag="300"><subfield code="a">722P</subfield></datafield><datafield ind1=" " ind2=" " tag="852"><subfield code="a">44349</subfield><subfield code="c">539.12</subfield></datafield><datafield ind1=" " ind2=" " tag="CAT"><subfield code="a">Sys</subfield><subfield code="c">20111128</subfield><subfield code="h">113921</subfield></datafield></record></collection>